@misc{nilsson2008circuitos,
  title     = {Circuitos El{\'e}tricos, 8a. Edi{\c{c}}{\~a}o},
  author    = {NILSSON, James W and Riedel, Susan A},
  year      = {2008},
  publisher = {Pearson},
  address   = {São Paulo}
}

@online{multisim,
  title    = {Multisim Live},
  author   = {National Instruments},
  year     = {2021},
  url      = {https://www.multisim.com/},
  addendum = {(Acessado em: 09.02.2021)}
}

@misc{cullen2000equaccoes,
  title     = {Equa{\c{c}}{\~o}es Diferenciais},
  author    = {CULLEN, MS and ZILL, DG},
  year      = {2000},
  publisher = {Makron Books},
  address   = {São Paulo}
}

@misc{roteiro4,
  title     = {Experimento 4 - Filtros passa-faixa e rejeita-faixa},
  author    = {Felão, Luiz Henrique Vitti},
  year      = {2019},
  publisher = {UNESP - Universidade Estadual Paulista
               “Júlio de Mesquita Filho”
               Faculdade de Engenharia de Ilha Solteira
               Departamento de Engenharia Elétrica},
  address   = {São Paulo}
}